@incollection{HararyR74,
	title={Is the null-graph a pointless concept?},
	author={Harary, Frank and Read, Ronald C.},
	booktitle={Handbook},
	pages={136--179},
	year={2009},
	publisher={Elsevier},
	doi={10.1016/S1574-6526(07)03003-9}
}

@article{Hermit,
	author = {Motik B., Shearer R., Horrocks I.},
	title = {Hypertableau reasoning for description logics},
	volume = {36},
	pages = {165--228},
	year = {2009},
	doi = {10.1073/pnas.43.9.842},
	publisher = {JAIR},
	journal = {Journal of Artificial Intelligence Research}
}

@article{baaderDL,
  title={Description logics},
  author={Baader, Franz and Horrocks, Ian and Sattler, Ulrike},
  journal={Foundations of Artificial Intelligence},
  volume={3},
  pages={135--179},
  year={2008},
  publisher={Elsevier}
}

@article{Brandt,
  title={Polynomial time reasoning in a description logic with existential restrictions, gci axioms, and-what else?},
  author={Brandt, Sebastian},
  volume={16},
  pages={298},
  year={2004},
  publisher={ECAI}
}

@article{kazakov,
  title={The Incredible ELK: From Polynomial Procedures to Efficient Reasoning with $\mathcal{EL}$ Ontologies},
  author={Kazakov, Yevgeny and Kr{\"o}tzsch, Markus and Siman{\v{c}}{\'\i}k, Filip},
  journal={Journal of Automated Reasoning},
  volume={53},
  number={1},
  pages={1--61},
  year={2014},
}

@inproceedings{rudolph,
  title={Foundations of Description Logics},
  author={Rudolph, Sebastian},
  booktitle={Reasoning Web International Summer School},
  year={2011},
  pages={76-136},
  publisher={Springer Berlin Heidelberg},
  address={Berlin, Heidelberg}
}


@article {Berge57,
	author = {Berge, Claude},
	title = {Two Theorems in Graph Theory},
	volume = {43},
	number = {9},
	pages = {842--844},
	year = {1957},
	doi = {10.1073/pnas.43.9.842},
	publisher = {National Academy of Sciences},
	journal = {Proceedings of the National Academy of Sciences}
}

@book{Berge58,
	title={Th{\'e}orie des graphes et ses applications},
	author={Berge, Claude},
	year={1958},
	publisher={Dunod (Orl{\'e}ans, Impr. nouvelle), Paris}
}

@article{KKS:ELK2013,
    author    = {Yevgeny Kazakov and Markus Kr{\"o}tzsch and
                 Franti\v{s}ek Siman\v{c}\'{i}k},
    title     = {The Incredible {ELK}: From Polynomial Procedures
                 to Efficient Reasoning with $\mathcal{EL}$
                 Ontologies},
    journal   = {Journal of Automated Reasoning},
    year      = {2013},
    publisher = {Springer},
    pages     = {1--61},
    volume    = {53},
    issue     = {1}
}

@inproceedings{Horrocks2012TheHO,
  title={The HermiT OWL Reasoner},
  author={Ian Horrocks and Boris Motik and Zhe Wang},
  booktitle={International Workshop on OWL Reasoner Evaluation},
  year={2012},
  url={https://api.semanticscholar.org/CorpusID:612332}
}